@manual{vincentdriessen2010,
    title   = "A successful Git branching model",
    author  = "Vincent Driessen",
    address = "http://nvie.com/posts/a-successful-git-branching-model/",
    year    = "2010"
}